@article{decre2016reliability,
	title={Reliability of a portable force plate system for the assessment of vertical jump performance in a clinical setting},
	author={Decr√©, Gael and Tassignon, Bruno and Debrabandere, Lennert and Van Renterghem, Bram and Roosen, Phillip and Schelstraete, Koen and Van der Smissen, Barbara and Peers, Kris},
	journal={Journal of biomechanics},
	volume={49},
	number={14},
	pages={3446--3450},
	year={2016},
	publisher={Elsevier}
}

@article{lee2017exploring,
	title={Exploring the effects of acute exercise on cognitive function: a systematic review and meta-analysis},
	author={Lee, Hyun Keun and Kim, Yunsoo},
	journal={Physiology and behavior},
	volume={179},
	pages={524--532},
	year={2017},
	publisher={Elsevier}
}

@article{tyler2016new,
	title={A new paradigm for neuromuscular control},
	author={Tyler, Dustin J},
	journal={Frontiers in human neuroscience},
	volume={10},
	pages={550},
	year={2016},
	publisher={Frontiers}
}

@article{boyd2017effects,
	title={Effects of exercise on sleep patterns in young adults},
	author={Boyd, Jenna K and Buysse, Daniel J and Morgenthaler, Timothy I},
	journal={Sleep medicine clinics},
	volume={12},
	number={4},
	pages={489--497},
	year={2017},
	publisher={Elsevier}
}

@article{johnson2018influence,
	title={The influence of an aquatic exercise program on sleep patterns in older adults},
	author={Johnson, Angela M and Robertson, Michael and Foster, Caroline and Giesbrecht, Edward},
	journal={Journal of applied gerontology},
	volume={37},
	number={4},
	pages={463--482},
	year={2018},
	publisher={SAGE Publications Sage CA: Los Angeles, CA}
}

@article{van2016neuroplasticity,
	title={Neuroplasticity following anterior cruciate ligament injury: a systematic review},
	author={van der Fels, Inger-Marloes J and Samaan, Michael A and van der List, Jelle P and DiFelice, Gregory S},
	journal={Journal of orthopaedic and sports physical therapy},
	volume={46},
	number={9},
	pages={742--752},
	year={2016},
	publisher={Journal of Orthopaedic and Sports Physical Therapy}
}

@article{pereira2017effect,
	title={Effect of acute resistance exercise on cognitive function in middle-aged adults},
	author={Pereira, Gislaine B and Oliveira, Daniel M and Netto Junior, Jayme and Gon{\c{c}}alves, L{'u}cio F and Silva, J{'u}lio C},
	journal={Journal of sports sciences},
	volume={35},
	number={18},
	pages={1824--1830},
	year={2017},
	publisher={Taylor and Francis}
}

@article{muller2018physical,
	title={Physical activity in relation to academic achievement and cognitive function in children: A systematic review},
	author={M{"u}ller, Kristin and Libuda, Lars and Diethelm, Katharina and M{"u}ller, Alexander S and Buyken, Anette E},
	journal={Journal of science and medicine in sport},
	volume={21},
	number={5},
	pages={501--508},
	year={2018},
	publisher={Elsevier}
}

@article{maclellan2017quantifying,
	title={Quantifying the functional pathways along which behavioral and physiological adaptation occurs: An exercise-based experimental framework},
	author={MacLellan, Michael J and McGowan, Cheri L and Neville, Alysha R and Hunter, Susan K and Doan, Jonathan B and Davidson, Leah F and Gurd, Brendon J},
	journal={Progress in cardiovascular diseases},
	volume={60},
	number={1},
	pages={141--149},
	year={2017},
	publisher={Elsevier}
}

@article{miller2017predictors,
	title={Predictors of physical activity and sedentary time in university students: a prospective study},
	author={Miller, Gregory D and Kruisselbrink, Dylan and Wallace, Lindsay M and Magee, Carly A and Murphy, Matthew H},
	journal={American journal of health behavior},
	volume={41},
	number={3},
	pages={379--388},
	year={2017},
	publisher={SAGE Publications Sage CA: Los Angeles, CA}
}

